@article{ksb,
  title={케이팝 (K-Pop) 영상콘텐츠 이미지의 기호학적 해석: 방탄소년단 (BTS) 뮤직비디오를 중심으로},
  author={강정빈 and 이상원},
  journal={애니메이션연구},
  volume={15},
  number={3},
  pages={28--50},
  year={2019}
}

@article{syh,
  title={대중음악콘텐츠에 나타난 성장서사: BTS< 피 땀 눈물> 뮤직비디오의 통과제의 구조와 의미},
  author={서영호},
  journal={인문콘텐츠},
  number={65},
  pages={157--178},
  year={2022}
}

@article{lsh,
  title={음악산업의 매체전환과 뮤직비디오 제작 양상의 변화},
  author={이종훈},
  journal={문화콘텐츠연구},
  number={21},
  pages={137--162},
  year={2021}
}